<record><leader>00000cas a22000007a 4500</leader><controlfield tag="001">26628645</controlfield><controlfield tag="008">920918d19131926wyuwr ne      0    0eng d</controlfield><datafield ind1=" " ind2=" " tag="010"><subfield code="a">sn 92067204 </subfield></datafield><datafield ind1=" " ind2=" " tag="040"><subfield code="a">NVO</subfield><subfield code="b">eng</subfield><subfield code="c">NVO</subfield><subfield code="d">OCLCQ</subfield></datafield><datafield ind1=" " ind2=" " tag="042"><subfield code="a">msc</subfield></datafield><datafield ind1="0" ind2=" " tag="130"><subfield code="a">Times (Moorcroft, Wyo.)</subfield></datafield><datafield ind1="1" ind2="4" tag="245"><subfield code="a">The times.</subfield></datafield><datafield ind1=" " ind2=" " tag="260"><subfield code="a">Moorcroft, Crook County, Wyo. :</subfield><subfield code="b">[s.n.]</subfield></datafield><datafield ind1=" " ind2=" " tag="300"><subfield code="a">v.</subfield></datafield><datafield ind1=" " ind2=" " tag="310"><subfield code="a">Weekly</subfield></datafield><datafield ind1="0" ind2=" " tag="362"><subfield code="a">Vol. 5, no. 6 (Dec. 4, 1913)-v. 16, no. 38 (July 8, 1926).</subfield></datafield><datafield ind1=" " ind2=" " tag="500"><subfield code="a">Published in Sundance, Wyo., Dec. 11, 1913-1926.</subfield></datafield><datafield ind1=" " ind2="4" tag="651"><subfield code="a">Moorcroft (Wyo.)</subfield><subfield code="v">Newspapers.</subfield></datafield><datafield ind1=" " ind2="4" tag="651"><subfield code="a">Sundance (Wyo.)</subfield><subfield code="v">Newspapers.</subfield></datafield><datafield ind1=" " ind2="4" tag="651"><subfield code="a">Crook County (Wyo.)</subfield><subfield code="v">Newspapers.</subfield></datafield><datafield ind1=" " ind2=" " tag="752"><subfield code="a">United States</subfield><subfield code="b">Wyoming</subfield><subfield code="c">Crook</subfield><subfield code="d">Sundance.</subfield></datafield><datafield ind1="0" ind2="0" tag="780"><subfield code="t">Moorcroft times</subfield><subfield code="w">(DLC)sn 93070068</subfield></datafield><datafield ind1="0" ind2="0" tag="785"><subfield code="t">Sundance times</subfield><subfield code="w">(DLC)sn 92067069</subfield></datafield></record>